@inproceedings{ishai2007zero,
  title={Zero-knowledge from secure multiparty computation},
  author={Ishai, Yuval and Kushilevitz, Eyal and Ostrovsky, Rafail and Sahai, Amit},
  booktitle={Proceedings of the thirty-ninth annual ACM symposium on Theory of computing},
  pages={21--30},
  year={2007},
  organization={ACM}
}
@inproceedings{asharov2012multiparty,
  title={Multiparty computation with low communication, computation and interaction via threshold FHE},
  author={Asharov, Gilad and Jain, Abhishek and L{\'o}pez-Alt, Adriana and Tromer, Eran and Vaikuntanathan, Vinod and Wichs, Daniel},
  booktitle={Annual International Conference on the Theory and Applications of Cryptographic Techniques},
  pages={483--501},
  year={2012},
  organization={Springer}
}
@inproceedings{bendlin2011semi,
  title={Semi-homomorphic encryption and multiparty computation},
  author={Bendlin, Rikke and Damg{\aa}rd, Ivan and Orlandi, Claudio and Zakarias, Sarah},
  booktitle={Annual International Conference on the Theory and Applications of Cryptographic Techniques},
  pages={169--188},
  year={2011},
  organization={Springer}
}
@inproceedings{bendlin2010threshold,
  title={Threshold decryption and zero-knowledge proofs for lattice-based cryptosystems},
  author={Bendlin, Rikke and Damg{\aa}rd, Ivan},
  booktitle={Theory of Cryptography Conference},
  pages={201--218},
  year={2010},
  organization={Springer}
}
@inproceedings{xagawa2009zero,
  title={Zero-knowledge protocols for NTRU: Application to identification and proof of plaintext knowledge},
  author={Xagawa, Keita and Tanaka, Keisuke},
  booktitle={International Conference on Provable Security},
  pages={198--213},
  year={2009},
  organization={Springer}
}
@article{goldreich1999approximating,
  title={Approximating shortest lattice vectors is not harder than approximating closest lattice vectors},
  author={Goldreich, Oded and Micciancio, Daniele and Safra, Shmuel and Seifert, J-P},
  journal={Information Processing Letters},
  volume={71},
  number={2},
  pages={55--61},
  year={1999},
  publisher={Elsevier}
}
@inproceedings{ajtai1997public,
  title={A public-key cryptosystem with worst-case/average-case equivalence},
  author={Ajtai, Mikl{\'o}s and Dwork, Cynthia},
  booktitle={Proceedings of the twenty-ninth annual ACM symposium on Theory of computing},
  pages={284--293},
  year={1997},
  organization={ACM}
}
@incollection{pointcheval2005provable,
  title={Provable security for public key schemes},
  author={Pointcheval, David},
  booktitle={Contemporary cryptology},
  pages={133--190},
  year={2005},
  publisher={Springer}
}
@inproceedings{bresson2002group,
  title={Group Diffie-Hellman key exchange secure against dictionary attacks},
  author={Bresson, Emmanuel and Chevassut, Olivier and Pointcheval, David},
  booktitle={International Conference on the Theory and Application of Cryptology and Information Security},
  pages={497--514},
  year={2002},
  organization={Springer}
}
@inproceedings{boneh2005improved,
  title={Improved efficiency for CCA-secure cryptosystems built using identity-based encryption},
  author={Boneh, Dan and Katz, Jonathan},
  booktitle={Cryptographers’ Track at the RSA Conference},
  pages={87--103},
  year={2005},
  organization={Springer}
}
@inproceedings{abdalla2005password,
  title={Password-based authenticated key exchange in the three-party setting},
  author={Abdalla, Michel and Fouque, Pierre-Alain and Pointcheval, David},
  booktitle={International Workshop on Public Key Cryptography},
  pages={65--84},
  year={2005},
  organization={Springer}
}
@article{shoup2004sequences,
  title={Sequences of games: a tool for taming complexity in security proofs.},
  author={Shoup, Victor},
  journal={IACR Cryptology ePrint Archive},
  volume={2004},
  pages={332},
  year={2004}
}
@article{bellare2004game,
  title={The game-playing technique},
  author={Bellare, Mihir and Rogaway, Phillip},
  journal={International Association for Cryptographic Research (IACR) ePrint Archive: Report},
  volume={331},
  pages={2004},
  year={2004},
  publisher={Citeseer}
}
@inproceedings{kilian1996protect,
  title={How to protect DES against exhaustive key search},
  author={Kilian, Joe and Rogaway, Phillip},
  booktitle={Annual International Cryptology Conference},
  pages={252--267},
  year={1996},
  organization={Springer}
}
@inproceedings{bellare1989new,
  title={New paradigms for digital signatures and message authentication based on non-interactive zero knowledge proofs},
  author={Bellare, Mihir and Goldwasser, Shafi},
  booktitle={Conference on the Theory and Application of Cryptology},
  pages={194--211},
  year={1989},
  organization={Springer}
}
@inproceedings{goldreich1984construct,
  title={How To Construct Randolli Functions},
  author={Goldreich, Oded and Goldwasser, Shafi and Micali, Silvio},
  booktitle={Foundations of Computer Science, 1984. 25th Annual Symposium on},
  pages={464--479},
  year={1984},
  organization={IEEE}
}
@inproceedings{alkim2016post,
  title={Post-quantum key exchange-a new hope.},
  author={Alkim, Erdem and Ducas, L{\'e}o and P{\"o}ppelmann, Thomas and Schwabe, Peter},
  booktitle={USENIX Security Symposium},
  volume={2016},
  year={2016}
}
@inproceedings{libert2016signature,
  title={Signature schemes with efficient protocols and dynamic group signatures from lattice assumptions},
  author={Libert, Beno{\^\i}t and Ling, San and Mouhartem, Fabrice and Nguyen, Khoa and Wang, Huaxiong},
  booktitle={International Conference on the Theory and Application of Cryptology and Information Security},
  pages={373--403},
  year={2016},
  organization={Springer}
}
@inproceedings{bai2015improved5,
  title={Improved security proofs in lattice-based cryptography: using the R{\'e}nyi divergence rather than the statistical distance},
  author={Bai, Shi and Langlois, Adeline and Lepoint, Tancr{\`e}de and Stehl{\'e}, Damien and Steinfeld, Ron},
  booktitle={International Conference on the Theory and Application of Cryptology and Information Security},
  pages={3--24},
  year={2015},
  organization={Springer}
}
@inproceedings{banerjee2012pseudorandom7,
  title={Pseudorandom functions and lattices},
  author={Banerjee, Abhishek and Peikert, Chris and Rosen, Alon},
  booktitle={Annual International Conference on the Theory and Applications of Cryptographic Techniques},
  pages={719--737},
  year={2012},
  organization={Springer}
}
@incollection{alwen2013learning3,
  title={Learning with rounding, revisited},
  author={Alwen, Jo{\"e}l and Krenn, Stephan and Pietrzak, Krzysztof and Wichs, Daniel},
  booktitle={Advances in Cryptology--CRYPTO 2013},
  pages={57--74},
  year={2013},
  publisher={Springer}
}
@inproceedings{bogdanov2016hardness4,
  title={On the hardness of learning with rounding over small modulus},
  author={Bogdanov, Andrej and Guo, Siyao and Masny, Daniel and Richelson, Silas and Rosen, Alon},
  booktitle={Theory of Cryptography Conference},
  pages={209--224},
  year={2016},
  organization={Springer}
}
@incollection{ducas2013lattice11,
  title={Lattice signatures and bimodal Gaussians},
  author={Ducas, L{\'e}o and Durmus, Alain and Lepoint, Tancr{\`e}de and Lyubashevsky, Vadim},
  booktitle={Advances in Cryptology--CRYPTO 2013},
  pages={40--56},
  year={2013},
  publisher={Springer}
}
@inproceedings{poppelmann2014enhanced27,
  title={Enhanced lattice-based signatures on reconfigurable hardware},
  author={P{\"o}ppelmann, Thomas and Ducas, L{\'e}o and G{\"u}neysu, Tim},
  booktitle={International Workshop on Cryptographic Hardware and Embedded Systems},
  pages={353--370},
  year={2014},
  organization={Springer}
}
@article{ling2017hardness,
  title={Hardness of k-LWE and applications in traitor tracing},
  author={Ling, San and Phan, Duong Hieu and Stehl{\'e}, Damien and Steinfeld, Ron},
  journal={Algorithmica},
  volume={79},
  number={4},
  pages={1318--1352},
  year={2017},
  publisher={Springer}
}
@article{ferrara2012noninvertible,
  title={Noninvertible minutia cylinder-code representation},
  author={Ferrara, Matteo and Maltoni, Davide and Cappelli, Raffaele},
  journal={IEEE Transactions on Information Forensics and Security},
  volume={7},
  number={6},
  pages={1727--1737},
  year={2012},
  publisher={IEEE}
}
@article{stehle2010faster,
  title={Faster fully homomorphic encryption},
  author={Stehl{\'e}, Damien and Steinfeld, Ron},
  journal={Advances in Cryptology-ASIACRYPT 2010},
  pages={377--394},
  year={2010},
  publisher={Springer}
}
@inproceedings{blanton2011secure,
  title={Secure and efficient protocols for iris and fingerprint identification},
  author={Blanton, Marina and Gasti, Paolo},
  booktitle={European Symposium on Research in Computer Security},
  pages={190--209},
  year={2011},
  organization={Springer}
}
@inproceedings{naehrig2011can,
  title={Can homomorphic encryption be practical?},
  author={Naehrig, Michael and Lauter, Kristin and Vaikuntanathan, Vinod},
  booktitle={Proceedings of the 3rd ACM workshop on Cloud computing security workshop},
  pages={113--124},
  year={2011},
  organization={ACM}
}
@inproceedings{paillier1999public,
  title={Public-key cryptosystems based on composite degree residuosity classes},
  author={Paillier, Pascal and others},
  booktitle={Eurocrypt},
  volume={99},
  pages={223--238},
  year={1999},
  organization={Springer}
}
@inproceedings{schoenmakers2006efficient,
  title={Efficient binary conversion for Paillier encrypted values},
  author={Schoenmakers, Berry and Tuyls, Pim},
  booktitle={Annual International Conference on the Theory and Applications of Cryptographic Techniques},
  pages={522--537},
  year={2006},
  organization={Springer}
}
@inproceedings{van2010fully,
  title={Fully homomorphic encryption over the integers},
  author={Van Dijk, Marten and Gentry, Craig and Halevi, Shai and Vaikuntanathan, Vinod},
  booktitle={Annual International Conference on the Theory and Applications of Cryptographic Techniques},
  pages={24--43},
  year={2010},
  organization={Springer}
}
@inproceedings{gentry2010hop,
  title={i-hop homomorphic encryption and rerandomizable Yao circuits},
  author={Gentry, Craig and Halevi, Shai and Vaikuntanathan, Vinod},
  booktitle={Proceedings of the 30th annual conference on Advances in cryptology},
  pages={155--172},
  year={2010},
  organization={Springer-Verlag}
}
@inproceedings{ostrovsky2014maliciously,
  title={Maliciously circuit-private FHE},
  author={Ostrovsky, Rafail and Paskin-Cherniavsky, Anat and Paskin-Cherniavsky, Beni},
  booktitle={International Cryptology Conference},
  pages={536--553},
  year={2014},
  organization={Springer}
}
@inproceedings{ishai2007evaluating,
  title={Evaluating branching programs on encrypted data},
  author={Ishai, Yuval and Paskin, Anat},
  booktitle={TCC},
  volume={4392},
  pages={575--594},
  year={2007},
  organization={Springer}
}
@inproceedings{sander1999non,
  title={Non-interactive cryptocomputing for NC/sup 1},
  author={Sander, Tomas and Young, Adam and Yung, Moti},
  booktitle={Foundations of Computer Science, 1999. 40th Annual Symposium on},
  pages={554--566},
  year={1999},
  organization={IEEE}
}
@inproceedings{osadchy2010scifi,
  title={Scifi-a system for secure face identification},
  author={Osadchy, Margarita and Pinkas, Benny and Jarrous, Ayman and Moskovich, Boaz},
  booktitle={Security and Privacy (SP), 2010 IEEE Symposium on},
  pages={239--254},
  year={2010},
  organization={IEEE}
}
@inproceedings{erkin2009privacy,
  title={Privacy-preserving face recognition},
  author={Erkin, Zekeriya and Franz, Martin and Guajardo, Jorge and Katzenbeisser, Stefan and Lagendijk, Inald and Toft, Tomas},
  booktitle={International Symposium on Privacy Enhancing Technologies Symposium},
  pages={235--253},
  year={2009},
  organization={Springer}
}
@article{goldwasser1989knowledge,
  title={The knowledge complexity of interactive proof systems},
  author={Goldwasser, Shafi and Micali, Silvio and Rackoff, Charles},
  journal={SIAM Journal on computing},
  volume={18},
  number={1},
  pages={186--208},
  year={1989},
  publisher={SIAM}
}

@article{schnorr1991efficient,
  title={Efficient signature generation by smart cards},
  author={Schnorr, Claus-Peter},
  journal={Journal of cryptology},
  volume={4},
  number={3},
  pages={161--174},
  year={1991},
  publisher={Springer}
}

@misc{OPMsays563:online,
key = {OPM},
author = {},
title = {OPM says 5.6 million fingerprints stolen in cyberattack, five times as
    many as previously thought, the Washington Post},
howpublished = {\url{https://www.washingtonpost.com/news/the-switch/wp/2015/09/23/opm-now-says-more-than-five-million-fingerprints-compromised-in-breaches/}},
month = {},
year = {},
note = {(Accessed on 10/23/2016)}
}


@article{ratha2001enhancing,
  title={Enhancing security and privacy in biometrics-based authentication systems},
  author={Ratha, Nalini K. and Connell, Jonathan H. and Bolle, Ruud M.},
  journal={IBM systems Journal},
  volume={40},
  number={3},
  pages={614--634},
  year={2001},
  publisher={IBM}
}

@article{upmanyu2010blind,
  title={Blind authentication: a secure crypto-biometric verification protocol.},
  author={Upmanyu, Maneesh and Namboodiri, Anoop M and Srinathan, Kannan and Jawahar, CV},
  journal={IEEE transactions on information forensics and security},
  volume={5},
  number={2},
  pages={255--268},
  year={2010}
}
@incollection{ducas2015fhew,
  title={FHEW: Bootstrapping homomorphic encryption in less than a second},
  author={Ducas, L{\'e}o and Micciancio, Daniele},
  booktitle={Advances in Cryptology--EUROCRYPT 2015},
  pages={617--640},
  year={2015},
  publisher={Springer}
}

@inproceedings{hirano2013cryptographically,
  title={Cryptographically-secure and efficient remote cancelable biometrics based on public-key homomorphic encryption},
  author={Hirano, Takato and Hattori, Mitsuhiro and Ito, Takashi and Matsuda, Nori},
  booktitle={International Workshop on Security},
  pages={183--200},
  year={2013},
  organization={Springer}
}

@inproceedings{higo2015privacy,
  title={Privacy-Preserving Fingerprint Authentication Resistant to Hill-Climbing Attacks},
  author={Higo, Haruna and Isshiki, Toshiyuki and Mori, Kengo and Obana, Satoshi},
  booktitle={International Conference on Selected Areas in Cryptography},
  pages={44--64},
  year={2015},
  organization={Springer}
}

@article{vsedvenka2015secure,
  title={Secure outsourced biometric authentication with performance evaluation on smartphones},
  author={{\v{S}}ed{\v{e}}nka, Jaroslav and Govindarajan, Sathya and Gasti, Paolo and Balagani, Kiran S},
  journal={IEEE Transactions on Information Forensics and Security},
  volume={10},
  number={2},
  pages={384--396},
  year={2015},
  publisher={IEEE}
}

@inproceedings{mandal2015comprehensive,
  title={Comprehensive and Improved Secure Biometric System Using Homomorphic Encryption},
  author={Mandal, Avradip and Roy, Arnab and Yasuda, Masaya},
  booktitle={International Workshop on Data Privacy Management},
  pages={183--198},
  year={2015},
  organization={Springer}
}

@article{rivest1978data,
  title={On data banks and privacy homomorphisms},
  author={Rivest, Ronald L and Adleman, Len and Dertouzos, Michael L},
  journal={Foundations of secure computation},
  volume={4},
  number={11},
  pages={169--180},
  year={1978}
}

 @phdthesis{homenc,
     author = {Craig Gentry},
     title = {A fully homomorphic encryption scheme},
     school = {Stanford University},
     year = 2009,
     note = {\url{crypto.stanford.edu/craig}}
}

@article{regev2005lattices,
  title={On lattices, learning with errors, random linear codes, and cryptography},
  author={Regev, Oded},
  journal={Journal of the ACM (JACM)},
  volume={56},
  number={6},
  pages={34},
  year={2005},
  publisher={ACM}
}

@inproceedings{lyubashevsky2010ideal,
  title={On ideal lattices and learning with errors over rings},
  author={Lyubashevsky, Vadim and Peikert, Chris and Regev, Oded},
  booktitle={Annual International Conference on the Theory and Applications of Cryptographic Techniques},
  pages={1--23},
  year={2010},
  organization={Springer}
}

@book{jain2007handbook,
  title={Handbook of biometrics},
  author={Jain, Anil and Flynn, Patrick and Ross, Arun A},
  year={2007},
  publisher={Springer Science \& Business Media}
}

@misc{FVConGoi2:online,
key = {FVC},
author = {},
title = {FVC-onGoing},
howpublished = {\url{https://biolab.csr.unibo.it/FVCOnGoing/UI/Form/Home.aspx}},
month = {},
year = {},
note = {(Accessed on 12/04/2016)}
}

@article{jain201650,
  title={50 years of biometric research: Accomplishments, challenges, and opportunities},
  author={Jain, Anil K and Nandakumar, Karthik and Ross, Arun},
  journal={Pattern Recognition Letters},
  year={2016},
  publisher={Elsevier}
}

@inproceedings{zhang2015fingerprints,
  title={Fingerprints On Mobile Devices: Abusing and eaking},
  author={Zhang, Yulong and Chen, Zhaonfeng and Xue, Hui and Wei, Tao},
  booktitle={Black Hat Conference},
  year={2015}
}

@article{feng2011fingerprint,
  title={Fingerprint reconstruction: from minutiae to phase},
  author={Feng, Jianjiang and Jain, Anil K},
  journal={IEEE Transactions on Pattern Analysis and Machine Intelligence},
  volume={33},
  number={2},
  pages={209--223},
  year={2011},
  publisher={IEEE}
}

@incollection{gentry2013homomorphic,
  title={Homomorphic encryption from learning with errors: Conceptually-simpler, asymptotically-faster, attribute-based},
  author={Gentry, Craig and Sahai, Amit and Waters, Brent},
  booktitle={Advances in Cryptology--CRYPTO 2013},
  pages={75--92},
  year={2013},
  publisher={Springer}
}

@misc{goldreich1998foundation,
  title={Foundation of Cryptography},
  author={Goldreich, Oded},
  year={1998}
}

@incollection{yasuda2014practical,
  title={Practical packing method in somewhat homomorphic encryption},
  author={Yasuda, Masaya and Shimoyama, Takeshi and Kogure, Jun and Yokoyama, Kazuhiro and Koshiba, Takeshi},
  booktitle={Data Privacy Management and Autonomous Spontaneous Security},
  pages={34--50},
  year={2014},
  publisher={Springer}
}

@article{brakerski2014leveled,
  title={(Leveled) fully homomorphic encryption without bootstrapping},
  author={Brakerski, Zvika and Gentry, Craig and Vaikuntanathan, Vinod},
  journal={ACM Transactions on Computation Theory (TOCT)},
  volume={6},
  number={3},
  pages={13},
  year={2014},
  publisher={ACM}
}

@article{daugman2003importance				,
  title={The importance of being random: statistical principles of iris recognition},
  author={Daugman, John},
  journal={Pattern recognition},
  volume={36},
  number={2},
  pages={279--291},
  year={2003},
  publisher={Elsevier}
}

@misc{FujitsuD7:online,
author = {},
title = {Fujitsu Develops World’s First Slide-Style Vein Authentication Technology Based on Palm Veins - Fujitsu Global},
howpublished = {\url{http://www.fujitsu.com/global/about/resources/news/press-releases/2017/0110-01.html}},
month = {},
year = {},
note = {(Accessed on 01/23/2017)}
}

@inproceedings{brakerski2011fully,
  title={Fully homomorphic encryption from ring-LWE and security for key dependent messages},
  author={Brakerski, Zvika and Vaikuntanathan, Vinod},
  booktitle={Annual cryptology conference},
  pages={505--524},
  year={2011},
  organization={Springer}
}

@inproceedings{stern1993new,
  title={A new identification scheme based on syndrome decoding},
  author={Stern, Jacques},
  booktitle={Annual International Cryptology Conference},
  pages={13--21},
  year={1993},
  organization={Springer}
}

@incollection{ling2013improved,
  title={Improved zero-knowledge proofs of knowledge for the ISIS problem, and applications},
  author={Ling, San and Nguyen, Khoa and Stehl{\'e}, Damien and Wang, Huaxiong},
  booktitle={Public-Key Cryptography--PKC 2013},
  pages={107--124},
  year={2013},
  publisher={Springer}
}

@inproceedings{kawachi2008concurrently,
  title={Concurrently secure identification schemes based on the worst-case hardness of lattice problems},
  author={Kawachi, Akinori and Tanaka, Keisuke and Xagawa, Keita},
  booktitle={International Conference on the Theory and Application of Cryptology and Information Security},
  pages={372--389},
  year={2008},
  organization={Springer}
}

@inproceedings{bellare1992defining,
  title={On defining proofs of knowledge},
  author={Bellare, Mihir and Goldreich, Oded},
  booktitle={Annual International Cryptology Conference},
  pages={390--420},
  year={1992},
  organization={Springer}
}

@article{feige1988zero,
  title={Zero-knowledge proofs of identity},
  author={Feige, Uriel and Fiat, Amos and Shamir, Adi},
  journal={Journal of cryptology},
  volume={1},
  number={2},
  pages={77--94},
  year={1988},
  publisher={Springer}
}

@inproceedings{micciancio2003statistical,
  title={Statistical zero-knowledge proofs with efficient provers: Lattice problems and more},
  author={Micciancio, Daniele and Vadhan, Salil P},
  booktitle={Annual International Cryptology Conference},
  pages={282--298},
  year={2003},
  organization={Springer}
}

@article{jain2008biometric,
  title={Biometric template security},
  author={Jain, Anil K and Nandakumar, Karthik and Nagar, Abhishek},
  journal={EURASIP Journal on Advances in Signal Processing},
  volume={2008},
  pages={113},
  year={2008},
  publisher={Hindawi Publishing Corp.}
}

@article{belguechi2011overview,
  title={An overview on privacy preserving biometrics},
  author={Belguechi, Rima and Alimi, Vincent and Cherrier, Estelle and Lacharme, Patrick and Rosenberger, Christophe and others},
  journal={Recent Application in Biometrics},
  pages={65--84},
  year={2011}
}

@article{cappelli2010minutia,
  title={Minutia cylinder-code: A new representation and matching technique for fingerprint recognition},
  author={Cappelli, Raffaele and Ferrara, Matteo and Maltoni, Davide},
  journal={IEEE Transactions on Pattern Analysis and Machine Intelligence},
  volume={32},
  number={12},
  pages={2128--2141},
  year={2010},
  publisher={IEEE}
}

@inproceedings{bai2015improved,
  title={Improved security proofs in lattice-based cryptography: using the R{\'e}nyi divergence rather than the statistical distance},
  author={Bai, Shi and Langlois, Adeline and Lepoint, Tancr{\`e}de and Stehl{\'e}, Damien and Steinfeld, Ron},
  booktitle={International Conference on the Theory and Application of Cryptology and Information Security},
  pages={3--24},
  year={2015},
  organization={Springer}
}

@inproceedings{langlois2014gghlite,
  title={GGHLite: More efficient multilinear maps from ideal lattices},
  author={Langlois, Adeline and Stehl{\'e}, Damien and Steinfeld, Ron},
  booktitle={Annual International Conference on the Theory and Applications of Cryptographic Techniques},
  pages={239--256},
  year={2014},
  organization={Springer}
}

@article{smart2014fully,
  title={Fully homomorphic SIMD operations},
  author={Smart, Nigel P and Vercauteren, Frederik},
  journal={Designs, codes and cryptography},
  pages={1--25},
  year={2014},
  publisher={Springer}
}

@article{dodis2008fuzzy,
  title={Fuzzy extractors: How to generate strong keys from biometrics and other noisy data},
  author={Dodis, Yevgeniy and Ostrovsky, Rafail and Reyzin, Leonid and Smith, Adam},
  journal={SIAM journal on computing},
  volume={38},
  number={1},
  pages={97--139},
  year={2008},
  publisher={SIAM}
}

@inproceedings{shahandashti2012private,
  title={Private fingerprint matching},
  author={Shahandashti, Siamak F and Safavi-Naini, Reihaneh and Ogunbona, Philip},
  booktitle={Australasian Conference on Information Security and Privacy},
  pages={426--433},
  year={2012},
  organization={Springer}
}

@article{teoh2008cancellable,
	title={Cancellable biometrics and annotations on biohash},
	author={Teoh, Andrew BJ and Kuan, Yip Wai and Lee, Sangyoun},
	journal={Pattern recognition},
	volume={41},
	number={6},
	pages={2034--2044},
	year={2008},
	publisher={Elsevier}
}

@article{jin2004biohashing,
	title={Biohashing: two factor authentication featuring fingerprint data and tokenised random number},
	author={Jin, Andrew Teoh Beng and Ling, David Ngo Chek and Goh, Alwyn},
	journal={Pattern recognition},
	volume={37},
	number={11},
	pages={2245--2255},
	year={2004},
	publisher={Elsevier}
}

@article{nagar2010hybrid,
	title={A hybrid biometric cryptosystem for securing fingerprint minutiae templates},
	author={Nagar, Abhishek and Nandakumar, Karthik and Jain, Anil K},
	journal={Pattern Recognition Letters},
	volume={31},
	number={8},
	pages={733--741},
	year={2010},
	publisher={Elsevier}
}

@article{uludag2004biometric,
	title={Biometric cryptosystems: issues and challenges},
	author={Uludag, Umut and Pankanti, Sharath and Prabhakar, Salil and Jain, Anil K},
	journal={Proceedings of the IEEE},
	volume={92},
	number={6},
	pages={948--960},
	year={2004},
	publisher={IEEE}
}

@article{ratha2007generating,
	title={Generating cancelable fingerprint templates},
	author={Ratha, Nalini K and Chikkerur, Sharat and Connell, Jonathan H and Bolle, Ruud M},
	journal={IEEE Transactions on pattern analysis and machine intelligence},
	volume={29},
	number={4},
	year={2007},
	publisher={IEEE}
}

@inproceedings{uludag2004attacks,
	title={Attacks on biometric systems: a case study in fingerprints},
	author={Uludag, Umut and Jain, Anil K},
	booktitle={Proceedings of SPIE},
	volume={5306},
	pages={622--633},
	year={2004}
}

@article{roberts2007biometric,
	title={Biometric attack vectors and defences},
	author={Roberts, Chris},
	journal={Computers \& Security},
	volume={26},
	number={1},
	pages={14--25},
	year={2007},
	publisher={Elsevier}
}
@inproceedings{lee2009inverse,
	title={Inverse operation and preimage attack on biohashing},
	author={Lee, Yongjin and Chung, Yunsu and Moon, Kiyoung},
	booktitle={Computational Intelligence in Biometrics: Theory, Algorithms, and Applications, 2009. CIB 2009. IEEE Workshop on},
	pages={92--97},
	year={2009},
	organization={IEEE}
}
@inproceedings{lacharme2013preimage,
	title={Preimage attack on biohashing},
	author={Lacharme, Patrick and Cherrier, Estelle and Rosenberger, Christophe},
	booktitle={Security and Cryptography (SECRYPT), 2013 International Conference on},
	pages={1--8},
	year={2013},
	organization={IEEE}
}
@inproceedings{gentry2009fully,
	title={Fully homomorphic encryption using ideal lattices.},
	author={Gentry, Craig and others},
	booktitle={STOC},
	volume={9},
	number={2009},
	pages={169--178},
	year={2009}
}

@inproceedings{peikert2009public,
	title={Public-key cryptosystems from the worst-case shortest vector problem},
	author={Peikert, Chris},
	booktitle={Proceedings of the forty-first annual ACM symposium on Theory of computing},
	pages={333--342},
	year={2009},
	organization={ACM}
}

@misc{rimrimrq38:online,
author = {github},
key = {github},
title = {rimrim/rqbv},
howpublished = {\url{https://github.com/rimrim/rqbv}},
month = {},
year = {},
note = {(Accessed on 03/04/2017)}
}

@inproceedings{adler2005vulnerabilities,
  title={Vulnerabilities in biometric encryption systems},
  author={Adler, Andy},
  booktitle={International Conference on Audio-and Video-Based Biometric Person Authentication},
  pages={1100--1109},
  year={2005},
  organization={Springer}
}

@inproceedings{guillou1990paradoxical,
  title={A “paradoxical” identity-based signature scheme resulting from zero-knowledge},
  author={Guillou, Louis C and Quisquater, Jean-Jacques},
  booktitle={Proceedings on Advances in cryptology},
  pages={216--231},
  year={1990},
  organization={Springer-Verlag New York, Inc.}
}

@inproceedings{feige1989zero,
  title={Zero knowledge proofs of knowledge in two rounds},
  author={Feige, Uriel and Shamir, Adi},
  booktitle={Conference on the Theory and Application of Cryptology},
  pages={526--544},
  year={1989},
  organization={Springer}
}

@inproceedings{rackoff1991non,
  title={Non-interactive zero-knowledge proof of knowledge and chosen ciphertext attack},
  author={Rackoff, Charles and Simon, Daniel R},
  booktitle={Annual International Cryptology Conference},
  pages={433--444},
  year={1991},
  organization={Springer}
}

@inproceedings{maurer2009unifying,
  title={Unifying zero-knowledge proofs of knowledge},
  author={Maurer, Ueli},
  booktitle={International Conference on Cryptology in Africa},
  pages={272--286},
  year={2009},
  organization={Springer}
}

@inproceedings{fiat1986prove,
  title={How to prove yourself: Practical solutions to identification and signature problems},
  author={Fiat, Amos and Shamir, Adi},
  booktitle={Conference on the Theory and Application of Cryptographic Techniques},
  pages={186--194},
  year={1986},
  organization={Springer}
}

@inproceedings{schnorr1989efficient,
  title={Efficient identification and signatures for smart cards},
  author={Schnorr, Claus-Peter},
  booktitle={Conference on the Theory and Application of Cryptology},
  pages={239--252},
  year={1989},
  organization={Springer}
}

@incollection{camenisch1997efficient,
  title={Efficient group signature schemes for large groups},
  author={Camenisch, Jan and Stadler, Markus},
  booktitle={Advances in Cryptology—CRYPTO'97},
  pages={410--424},
  year={1997},
  publisher={Springer}
}

@inproceedings{ateniese2000practical,
  title={A practical and provably secure coalition-resistant group signature scheme},
  author={Ateniese, Giuseppe and Camenisch, Jan and Joye, Marc and Tsudik, Gene},
  booktitle={Annual International Cryptology Conference},
  pages={255--270},
  year={2000},
  organization={Springer}
}

@inproceedings{boneh2004short,
  title={Short signatures without random oracles},
  author={Boneh, Dan and Boyen, Xavier},
  booktitle={International Conference on the Theory and Applications of Cryptographic Techniques},
  pages={56--73},
  year={2004},
  organization={Springer}
}

@inproceedings{boneh2004group,
  title={Group signatures with verifier-local revocation},
  author={Boneh, Dan and Shacham, Hovav},
  booktitle={Proceedings of the 11th ACM conference on Computer and communications security},
  pages={168--177},
  year={2004},
  organization={ACM}
}

@inproceedings{groth2007fully,
  title={Fully anonymous group signatures without random oracles},
  author={Groth, Jens},
  booktitle={International Conference on the Theory and Application of Cryptology and Information Security},
  pages={164--180},
  year={2007},
  organization={Springer}
}

@inproceedings{camenisch2008efficient,
  title={Efficient attributes for anonymous credentials},
  author={Camenisch, Jan and Gro{\ss}, Thomas},
  booktitle={Proceedings of the 15th ACM conference on Computer and communications security},
  pages={345--356},
  year={2008},
  organization={ACM}
}

@inproceedings{camenisch2001efficient,
  title={An efficient system for non-transferable anonymous credentials with optional anonymity revocation},
  author={Camenisch, Jan and Lysyanskaya, Anna},
  booktitle={International Conference on the Theory and Applications of Cryptographic Techniques},
  pages={93--118},
  year={2001},
  organization={Springer}
}

@incollection{belenkiy2009randomizable,
  title={Randomizable proofs and delegatable anonymous credentials},
  author={Belenkiy, Mira and Camenisch, Jan and Chase, Melissa and Kohlweiss, Markulf and Lysyanskaya, Anna and Shacham, Hovav},
  booktitle={Advances in Cryptology-CRYPTO 2009},
  pages={108--125},
  year={2009},
  publisher={Springer}
}

@article{chase2013malleable,
  title={Malleable Signatures: Complex Unary Transformations and Delegatable Anonymous Credentials.},
  author={Chase, Melissa and Kohlweiss, Markulf and Lysyanskaya, Anna and Meiklejohn, Sarah},
  journal={IACR Cryptology ePrint Archive},
  volume={2013},
  pages={179},
  year={2013}
}

@inproceedings{galil1985symmetric,
  title={Symmetric public-key encryption},
  author={Galil, Zvi and Haber, Stuart and Yung, Moti},
  booktitle={Conference on the Theory and Application of Cryptographic Techniques},
  pages={128--137},
  year={1985},
  organization={Springer}
}

@book{goldreich2009foundations,
  title={Foundations of cryptography: volume 2, basic applications},
  author={Goldreich, Oded},
  year={2009},
  publisher={Cambridge university press}
}

@inproceedings{goldwasser2005proof,
  title={Proof of plaintext knowledge for the Ajtai-Dwork cryptosystem},
  author={Goldwasser, Shafi and Kharchenko, Dmitriy},
  booktitle={Theory of Cryptography Conference},
  pages={529--555},
  year={2005},
  organization={Springer}
}

@inproceedings{katz2003efficient,
  title={Efficient and non-malleable proofs of plaintext knowledge and applications},
  author={Katz, Jonathan},
  booktitle={International Conference on the Theory and Applications of Cryptographic Techniques},
  pages={211--228},
  year={2003},
  organization={Springer}
}

@inproceedings{benhamouda2014better,
  title={Better zero-knowledge proofs for lattice encryption and their application to group signatures},
  author={Benhamouda, Fabrice and Camenisch, Jan and Krenn, Stephan and Lyubashevsky, Vadim and Neven, Gregory},
  booktitle={International Conference on the Theory and Application of Cryptology and Information Security},
  pages={551--572},
  year={2014},
  organization={Springer}
}

@inproceedings{lyubashevsky2008lattice,
  title={Lattice-based identification schemes secure under active attacks},
  author={Lyubashevsky, Vadim},
  booktitle={International Workshop on Public Key Cryptography},
  pages={162--179},
  year={2008},
  organization={Springer}
}

@inproceedings{lyubashevsky2009fiat,
  title={Fiat-Shamir with aborts: Applications to lattice and factoring-based signatures},
  author={Lyubashevsky, Vadim},
  booktitle={International Conference on the Theory and Application of Cryptology and Information Security},
  pages={598--616},
  year={2009},
  organization={Springer}
}

@inproceedings{pedersen1991non,
  title={Non-interactive and information-theoretic secure verifiable secret sharing},
  author={Pedersen, Torben Pryds},
  booktitle={Annual International Cryptology Conference},
  pages={129--140},
  year={1991},
  organization={Springer}
}
@inproceedings{ajtai1996generating,
  title={Generating hard instances of lattice problems},
  author={Ajtai, Mikl{\'o}s},
  booktitle={Proceedings of the twenty-eighth annual ACM symposium on Theory of computing},
  pages={99--108},
  year={1996},
  organization={ACM}
}
@inproceedings{nguyen2006lll,
  title={LLL on the average},
  author={Nguyen, Phong Q and Stehl{\'e}, Damien},
  booktitle={International Algorithmic Number Theory Symposium},
  pages={238--256},
  year=2006,
  organization={Springer}
}
@article{lenstra1982factoring,
  title={Factoring polynomials with rational coefficients},
  author={Lenstra, Arjen Klaas and Lenstra, Hendrik Willem and Lov{\'a}sz, L{\'a}szl{\'o}},
  journal={Mathematische Annalen},
  volume={261},
  number={4},
  pages={515--534},
  year={1982},
  publisher={Springer}
}
@article{hanrot2011terminating,
  title={Terminating BKZ.},
  author={Hanrot, Guillaume and Pujol, Xavier and Stehl{\'e}, Damien},
  journal={IACR Cryptology ePrint Archive},
  volume={2011},
  pages={198},
  year={2011}
}
@article{chen2011bkz,
  title={BKZ 2.0: Better lattice security estimates},
  author={Chen, Yuanmi and Nguyen, Phong},
  journal={Advances in Cryptology--ASIACRYPT 2011},
  pages={1--20},
  year={2011},
  publisher={Springer}
}
@misc{micciancio2008lattice,
  title={Lattice-based cryptography, Book chapter in Postquantum Cryptography, DJ Bernstein and J. Buchmann},
  author={Micciancio, Daniele and Regev, Oded},
  year={2008},
  publisher={Springer}
}
@inproceedings{gentry2008trapdoors,
  title={Trapdoors for hard lattices and new cryptographic constructions},
  author={Gentry, Craig and Peikert, Chris and Vaikuntanathan, Vinod},
  booktitle={Proceedings of the fortieth annual ACM symposium on Theory of computing},
  pages={197--206},
  year={2008},
  organization={ACM}
}
@article{regev2009lattices,
  title={On lattices, learning with errors, random linear codes, and cryptography},
  author={Regev, Oded},
  journal={Journal of the ACM (JACM)},
  volume={56},
  number={6},
  pages={34},
  year={2009},
  publisher={ACM}
}
@inproceedings{peikert2008framework,
  title={A framework for efficient and composable oblivious transfer},
  author={Peikert, Chris and Vaikuntanathan, Vinod and Waters, Brent},
  booktitle={Annual International Cryptology Conference},
  pages={554--571},
  year={2008},
  organization={Springer}
}
@article{hoffstein1998ntru,
  title={NTRU: A ring-based public key cryptosystem},
  author={Hoffstein, Jeffrey and Pipher, Jill and Silverman, Joseph},
  journal={Algorithmic number theory},
  pages={267--288},
  year={1996},
  publisher={Springer}
}
@article{micciancio2007generalized,
  title={Generalized compact knapsacks, cyclic lattices, and efficient one-way functions},
  author={Micciancio, Daniele},
  journal={Computational Complexity},
  volume=16,
  number=4,
  pages={365--411},
  year=2002,
  publisher={Springer}
}
@inproceedings{lyubashevsky2008swifft,
  title={SWIFFT: A modest proposal for FFT hashing},
  author={Lyubashevsky, Vadim and Micciancio, Daniele and Peikert, Chris and Rosen, Alon},
  booktitle={International Workshop on Fast Software Encryption},
  pages={54--72},
  year={2008},
  organization={Springer}
}
@inproceedings{stehle2011making,
  title={Making NTRU as secure as worst-case problems over ideal lattices},
  author={Stehl{\'e}, Damien and Steinfeld, Ron},
  booktitle={Annual International Conference on the Theory and Applications of Cryptographic Techniques},
  pages={27--47},
  year={2011},
  organization={Springer}
}
@article{damgard2008homomorphic,
  title={Homomorphic encryption and secure comparison},
  author={Damgard, Ivan and Geisler, Martin and Kroigard, Mikkel},
  journal={International Journal of Applied Cryptography},
  volume={1},
  number={1},
  pages={22--31},
  year={2008},
  publisher={Inderscience Publishers}
}

@inproceedings{gentry2012fully,
  title={Fully homomorphic encryption with polylog overhead},
  author={Gentry, Craig and Halevi, Shai and Smart, Nigel P},
  booktitle={Annual International Conference on the Theory and Applications of Cryptographic Techniques},
  pages={465--482},
  year={2012},
  organization={Springer}
}

@inproceedings{yao1986generate,
  title={How to generate and exchange secrets},
  author={Yao, Andrew Chi-Chih},
  booktitle={Foundations of Computer Science, 1986., 27th Annual Symposium on},
  pages={162--167},
  year={1986},
  organization={IEEE}
}
@article{kolesnikov2008improved30,
  title={Improved garbled circuit: Free XOR gates and applications},
  author={Kolesnikov, Vladimir and Schneider, Thomas},
  journal={Automata, Languages and Programming},
  pages={486--498},
  year={2008},
  publisher={Springer}
}
@inproceedings{pinkas2009secure38,
  title={Secure Two-Party Computation Is Practical.},
  author={Pinkas, Benny and Schneider, Thomas and Smart, Nigel P and Williams, Stephen C},
  booktitle={Asiacrypt},
  volume={9},
  pages={250--267},
  year={2009},
  organization={Springer}
}
@article{kolesnikov2009improved29,
  title={Improved garbled circuit building blocks and applications to auctions and computing minima},
  author={Kolesnikov, Vladimir and Sadeghi, Ahmad-Reza and Schneider, Thomas},
  journal={Cryptology and Network Security},
  pages={1--20},
  year={2009},
  publisher={Springer}
}

@inproceedings{naor2001efficient35,
  title={Efficient oblivious transfer protocols},
  author={Naor, Moni and Pinkas, Benny},
  booktitle={Proceedings of the twelfth annual ACM-SIAM symposium on Discrete algorithms},
  pages={448--457},
  year={2001},
  organization={Society for Industrial and Applied Mathematics}
}

@inproceedings{ishai2003extending24,
  title={Extending Oblivious Transfers Efficiently.},
  author={Ishai, Yuval and Kilian, Joe and Nissim, Kobbi and Petrank, Erez},
  booktitle={Crypto},
  volume={2729},
  pages={145--161},
  year={2003},
  organization={Springer}
}

@inproceedings{shor1994algorithms,
  title={Algorithms for quantum computation: Discrete logarithms and factoring},
  author={Shor, Peter W},
  booktitle={Foundations of Computer Science, 1994 Proceedings., 35th Annual Symposium on},
  pages={124--134},
  year={1994},
  organization={Ieee}
}

@inproceedings{bringer2007application,
  title={An application of the Goldwasser-Micali cryptosystem to biometric authentication},
  author={Bringer, Julien and Chabanne, Herv{\'e} and Izabach{\`e}ne, Malika and Pointcheval, David and Tang, Qiang and Zimmer, S{\'e}bastien},
  booktitle={Information Security and Privacy},
  pages={96--106},
  year={2007},
  organization={Springer}
}